@comment{This file has been generated by Pybliographer}


@Article{632981,
  Author         = {Gerson Suny\&\#233; and Alain Le Guennec and Jean-Marc
                   J\&\#233;z\&\#233;quel},
  Title          = {Using UML Action Semantics for model execution and
                   transformation},
  Journal        = {Inf. Syst.},
  Volume         = {27},
  Number         = {6},
  Pages          = {445--457},
  doi            = {http://dx.doi.org/10.1016/S0306-4379(02)00014-5},
  issn           = {0306-4379},
  publisher      = {Elsevier Science Ltd.},
  year           = 2002
}

@InProceedings{940109,
  Author         = {Fei Xie and James C. Browne},
  Title          = {Verified systems by composition from verified
                   components},
  BookTitle      = {Proceedings of the 9th European software engineering
                   conference held jointly with 10th ACM SIGSOFT
                   international symposium on Foundations of software
                   engineering},
  Pages          = {277--286},
  Publisher      = {ACM Press},
  doi            = {http://doi.acm.org/10.1145/940071.940109},
  isbn           = {1-58113-743-5},
  location       = {Helsinki, Finland},
  year           = 2003
}

@Book{demarco:1978,
  Author         = {DeMarco, T},
  Editor         = {Nash, T},
  Title          = {Structured Anaylysis and System Specification},
  Publisher      = {Yourdon Press},
  year           = 1978
}

@InProceedings{Shlaer:1994,
  Author         = {Shlaer, S. and Mellor, S.J.},
  Title          = {The Shlaer-Mellor method},
  BookTitle      = {Object Expo Conference Proceeding},
  Pages          = {265--276},
  keywords       = {Object-Orientation},
  year           = 1994
}

@Book{Shlaer:1988,
  Author         = {Shlaer, S. and Mellor, S.J.},
  Title          = {Object-Oriented Systems Analysis: Modeling the World
                   in Data},
  Publisher      = {Prentice Hall},
  keywords       = {Object-Orientation},
  year           = 1988
}

@InProceedings{Mellor:1999:UML98,
  Author         = {Stephen J. Mellor and Stephen R. Tockey and Rodolphe
                   Arthaud and Philippe LeBlanc},
  Title          = {An Action Language for {UML}: Proposal for a Precise
                   Execution Semantics},
  BookTitle      = {The Unified Modeling Language, UML'98 - Beyond the
                   Notation. First International Workshop, Mulhouse,
                   France, June 1998, Selected Papers},
  Editor         = {Jean B{\'e}zivin and Pierre-Alain Muller},
  Volume         = {1618},
  Series         = {LNCS},
  Pages          = {307--318},
  Publisher      = {Springer},
  year           = 1999
}

@InProceedings{Mellor:2003:WRKUMLAOSD,
  Author         = {Stephen J. Mellor},
  Title          = {A Framework for Aspect-Oriented Modeling},
  BookTitle      = {The 4th AOSD Modeling With UML Workshop},
  Editor         = {Faisal Akkawi and Omar Aldawud and Grady Booch and
                   Siobh{\'a}n Clarke and Jeff Gray and Bill Harrison and
                   Mohamed Kand{\'e} and Dominik Stein and Peri Tarr and
                   Aida Zakaria},
  year           = 2003
}

@Book{mellor:2002,
  Author         = {Stephen J. Mellor and Marc Balcer},
  Title          = {Executable UML: A Foundation for Model-Driven
                   Architectures},
  Publisher      = {Addison-Wesley Longman Publishing Co., Inc.},
  isbn           = {0201748045},
  year           = 2002
}

@Book{arlow:2003,
  Author         = {Jim Arlow and Ila Neustadt},
  Title          = {Enterprise Patterns and MDA - Building Better Software with
		  Archetype Pattterns and UML},
  Publisher      = {Addison-Wesley Longman Publishing Co., Inc.},
  isbn           = {032111230X},
  year           = 2003
}

@Book{Starr:2002,
  Author         = {Starr, Leon},
  Title          = {Executable UML. How to build class models},
  Publisher      = {Prentice Hall, Inc.},
  isbn           = {0130674796},
  year           = 2002
}

@Book{Shlaer:1992,
  Author         = {Shlaer, S. and Mellor, S.J.},
  Title          = {Object Lifecycles: Modeling the World in State},
  Publisher      = {Prentice Hall},
  keywords       = {Object-Orientation},
  year           = 1992
}

@InCollection{Simoens:1995,
  Author         = {R. Simoens},
  Title          = {The Introduction of an Object Oriented Analysis/Design
                   Method and Object Oriented Metrics in the Software
                   Development Life-Cycle},
  BookTitle      = {Ada in Europe},
  Publisher      = {Springer},
  Editor         = {M. Toussaint},
  Pages          = {271-283},
  Address        = {Berlin,},
  year           = 1995
}

@Booklet{LeeDonWong,
  Title          = {The {J}ava{CC} grammar repository},
  Author         = {Lee, D},
  Address        = {http://www.cobase.cs.ucla.edu/pub/javacc/}
}

@InProceedings{Mellor:1998:ALU,
  Author         = {Stephen J. Mellor and Steve Tockey and Rodolphe
                   Arthaud and Philippe LeBlanc},
  Title          = {Software-platform-independent, Precise Action
                   Specifications for {UML}},
  BookTitle      = {The Unified Modeling Language, UML'98 - Beyond the
                   Notation. First International Workshop, Mulhouse,
                   France, June 1998},
  Editor         = {Jean B{\'e}zivin and Pierre-Alain Muller},
  Pages          = {281--286},
  year           = 1998
}

@Book{Jacobson:1992,
  Author         = {Jacobson, I. and Christerson, M. and Jonsonn, P. and
                   Övergaard, G.},
  Title          = {Object-Oriented Software Engineering: A Use Case
                   Driven Approach},
  Publisher      = {Addison-Wesley},
  keywords       = {Modelling and Methods},
  year           = 1992
}

@Booklet{norvell,
  Title          = {The {J}ava{CC} tutorial},
  Author         = {Norvell, Theodore S.},
  Address        = {http://www.engr.mun.ca/theo/JavaCC-Tutorial/}
}

@InCollection{Schneeweiss:1995,
  Author         = {H. Schneeweiss and V. Amiot and O. Vix},
  Title          = {Translating Shlaer/Mellor Object-Oriented Analysis
                   Models into Ada 95},
  BookTitle      = {Ada in Europe},
  Publisher      = {Springer},
  Editor         = {M. Toussaint},
  Pages          = {249-270},
  Address        = {Berlin,},
  year           = 1995
}

@Unpublished{Starr:metamodel:2002,
  author = 	 {Leon Starr},
  title = 	 {Class Model Metamodel Descriptions},
  year =	 2002,
  address = {{\tt http://www.modelint.com/downloads/XUMLMeta_Diagrams_Descriptions_2_0.zip}},
  whyreadit = {An excellent metamodel for xtUML}
}

@Unpublished{Ring:LEM,
  author = 	 {Steven Michael Ring},
  title = 	 {A formal grammar, language parser and JAVA API for LEM -- a Language for Executable Models},
  year =	 2004,
  address = {{\tt http://xtuml.jdns.org}},
  whyreadit = {its our project website}
}

@Unpublished{Walker:LEM,
  author = 	 {Emma Margaret Walker},
  title = 	 {A language for the specification of Shlaer-Mellor object-oriented
  analysis models},
  year =	 2002,
  address = {{\tt http://xtuml.jdns.org}},
  whyreadit = {A definitive work}
}

@Unpublished{Flint:xtUML,
  author = 	 {Shayne Flint, Henry Gardner, Clive Boughton},
  title = 	 {Executable/Translatable UML in Computing Education},
  year =	 2004,
  address = {{\tt crpit.com/confpapers/CRPITV30Flint.pdf}},
  whyreadit = {Shayne and Clives work}
}

@Unpublished{eLEMinator:LEM,
	author = {James Ring and Nick Piggin and Thuan Tan et. al.},
	title = {Specification for the Language for Executable Models (LEM)},
	year = 2005,
	address = {{\tt http://xtuml.jdns.org/lem_spec.pdf}},
	whyreadit = {It's a relatively complete specification for the LEM
		language}
}

@Unpublished{eLEMinator:SRS,
	author = {Team eLEMinator},
	title = {Software Requirements Specification for the eLEMinator project},
	year = 2005,
	address = {{\tt http://xtuml.jdns.org/new_srs.pdf}},
	whyreadit = {SRS for the eLEMinator project}
}


@Manual{Mil-Std-498,
   title = {Mil-Std-498, Data Item Description: Software Requirements
		 Specification(SRS)},
   organization = {United States Department of Defence},
   year = 1997,
   address = {http://sepo.spawar.navy.mil/SW\_Standards.html},
   whyreadit = {Standard SRS is based on}
}

@Manual{OMG:XMI,
   title = {XML Metadata Interchange (XMI) specifications},
   organization = {Object Management Group},
   year = 2005,
   address = {http://www.omg.org/technology/documents/formal/xmi.htm},
   whyreadit = {Specifies the XMI standard}
}

@Manual{Graphviz,
   title = {Graphviz Output Formats},
   organization = {Graphviz},
   year = 2005,
   address = {http://www.graphviz.org/pub/scm/graphviz2/doc/info/output.html},
   whyreadit = {Specifies supported formats for Graphvizs}
}

@Manual{Wikipedia,
	title = {Wikipedia Manual of Style},
	organization = {Wikimedia Foundation},
	year = 2005,
	address = {http://en.wikipedia.org/wiki/Wikipedia:Manual_of_Style},
	whyreadit = {Style guide used by Wikipedia}
}

@Manual{GraphvizWebsite,
	title = {Graphviz Website},
	organization = {Graphviz},
	address = {http://www.graphviz.org}
}

@Manual{Java-142,
	title = {Java 2 Platform, Standard Edition, v 1.4.2 API Specification},
	organization = {Sun Microsystems, Inc.},
	address = {http://java.sun.com/j2se/1.4.2/docs/api/}
}

@Booklet {JavaCC,
	title = {Java Compiler Compiler (JavaCC) - The Java Parser Generator},
	address = {https://javacc.dev.java.net/}
}

@Booklet {Ant,
	title = {Apache Ant},
	address = {http://ant.apache.org/}
}
